<?xml version="1.0"?>
<collection xmlns="http://www.loc.gov/MARC21/slim">
  <record>
    <leader>01645nam a2200409 a 4500</leader>
    <controlfield tag="001">cihm_29109</controlfield>
    <controlfield tag="003">CaSfIA</controlfield>
    <controlfield tag="005">20160212080729.0</controlfield>
    <controlfield tag="007">cr||||||||||||</controlfield>
    <controlfield tag="008">860926s1900    oncc    b     000 1ceng d</controlfield>
    <datafield tag="020" ind1=" " ind2=" ">
      <subfield code="a">0665291094 (v. 3)</subfield>
    </datafield>
    <datafield tag="035" ind1=" " ind2=" ">
      <subfield code="a">ocn317726746</subfield>
    </datafield>
    <datafield tag="040" ind1=" " ind2=" ">
      <subfield code="a">CaOOCIHM</subfield>
      <subfield code="b">eng</subfield>
      <subfield code="c">CaOOCIHM</subfield>
      <subfield code="d">AEU</subfield>
      <subfield code="d">CaSfIA</subfield>
    </datafield>
    <datafield tag="082" ind1="0" ind2=" ">
      <subfield code="a">820/.9/2</subfield>
      <subfield code="2">19</subfield>
    </datafield>
    <datafield tag="090" ind1=" " ind2=" ">
      <subfield code="a">FC 02 0203 no. 29109</subfield>
      <subfield code="b">AEU</subfield>
    </datafield>
    <datafield tag="245" ind1="0" ind2="0">
      <subfield code="a">English men of letters</subfield>
      <subfield code="h">[electronic resource] </subfield>
      <subfield code="c">edited by John Morley.</subfield>
    </datafield>
    <datafield tag="250" ind1=" " ind2=" ">
      <subfield code="a">Portrait ed.</subfield>
    </datafield>
    <datafield tag="260" ind1=" " ind2=" ">
      <subfield code="a">Toronto :</subfield>
      <subfield code="b">G.N. Morang,</subfield>
      <subfield code="c">1900, c1894.</subfield>
    </datafield>
    <datafield tag="300" ind1=" " ind2=" ">
      <subfield code="a">7 microfiches (324 fr.) :</subfield>
      <subfield code="b">ports.</subfield>
    </datafield>
    <datafield tag="490" ind1="1" ind2=" ">
      <subfield code="a">CIHM/ICMH Microfiche series = CIHM/ICMH collection de microfiches ;</subfield>
      <subfield code="v">no. 29109</subfield>
    </datafield>
    <datafield tag="500" ind1=" " ind2=" ">
      <subfield code="a">"III."</subfield>
    </datafield>
    <datafield tag="500" ind1=" " ind2=" ">
      <subfield code="a">Part of a CIHM set. For individual microfiches in this set, see CIHM microfiche nos. 29106-29119.</subfield>
    </datafield>
    <datafield tag="533" ind1=" " ind2=" ">
      <subfield code="a">Filmed from a copy of the original publication held by the L&#xC3;&#xA9;gislature du Qu&#xC3;&#xA9;bec, Qu&#xC3;&#xA9;bec.</subfield>
      <subfield code="b">Ottawa :</subfield>
      <subfield code="c">Canadian Institute for Historical Microreproductions,</subfield>
    </datafield>
    <!-- No separator at end of field length=169 -->
    <datafield tag="534" ind1="1" ind2="9">
      <subfield code="5">.</subfield>
    </datafield>
    <!-- Separator but not at end of field length=62 -->
    <datafield tag="596" ind1="0" ind2=" ">
      <subfield code="m">.</subfield>
    </datafield>
    <!-- Separator but not at end of field length=7 -->
    <!-- Bad indicator data. Skipping 2 bytes -->
    <datafield tag="600" ind1="a" ind2="4">
  </datafield>
    <!-- Separator but not at end of field length=30 -->
    <datafield tag="600" ind1="1" ind2="7">
      <subfield code="0">.</subfield>
    </datafield>
    <!-- Separator but not at end of field length=33 -->
    <datafield tag="600" ind1="1" ind2="7">
      <subfield code="4">.</subfield>
    </datafield>
    <!-- Separator but not at end of field length=38 -->
    <datafield tag="600" ind1="1" ind2="5">
      <subfield code="6">.</subfield>
    </datafield>
    <!-- Separator but not at end of field length=30 -->
    <datafield tag="600" ind1="1" ind2="7">
      <subfield code="0">.</subfield>
    </datafield>
    <!-- Separator but not at end of field length=33 -->
    <datafield tag="600" ind1="1" ind2="7">
      <subfield code="4">.</subfield>
    </datafield>
    <!-- Separator but not at end of field length=38 -->
    <datafield tag="650" ind1="1" ind2="5">
      <subfield code="6">.</subfield>
    </datafield>
    <!-- Separator but not at end of field length=33 -->
    <datafield tag="650" ind1="a" ind2="p">
      <subfield code="y">.</subfield>
    </datafield>
    <!-- Separator but not at end of field length=37 -->
    <datafield tag="700" ind1="a" ind2="p">
      <subfield code="i">es.</subfield>
    </datafield>
    <!-- Separator but not at end of field length=30 -->
    <datafield tag="830" ind1="8" ind2="-">
      <subfield code="9">23.</subfield>
    </datafield>
    <!-- Separator but not at end of field length=45 -->
    <datafield tag="856" ind1="4" ind2="1">
      <subfield code="u">http://archive.org/details/cihm_29109</subfield>
      <subfield code="z">Free eBook from the Internet Archive</subfield>
    </datafield>
    <datafield tag="856" ind1="4" ind2="2">
      <subfield code="u">http://www.openlibrary.org/books/OL24229632M</subfield>
      <subfield code="z">Additional information and access via Open Library</subfield>
    </datafield>
    <!-- Separator but not at end of field length=22 -->
    <datafield tag="016" ind1="I" ind2="H">
      <subfield code="M">PRE</subfield>
    </datafield>
    <!-- Separator but not at end of field length=15 -->
    <!-- Separator but not at end of field length=58 -->
  </record>
</collection>
